<?xml version="1.0" encoding="UTF-8"?><record xmlns="http://www.loc.gov/MARC21/slim" xmlns:cinclude="http://apache.org/cocoon/include/1.0" xmlns:zs="http://www.loc.gov/zing/srw/">
  <leader>00379nz  a2200133n  4500</leader>
  <controlfield tag="001">no2012136213</controlfield>
  <controlfield tag="003">DLC</controlfield>
  <controlfield tag="005">20121019075304.0</controlfield>
  <controlfield tag="008">121017n| acannaabn          |n ana     c</controlfield>
  <datafield tag="010" ind1=" " ind2=" ">
    <subfield code="a">no2012136213</subfield>
  </datafield>
  <datafield tag="035" ind1=" " ind2=" ">
    <subfield code="a">(OCoLC)oca09326744</subfield>
  </datafield>
  <datafield tag="040" ind1=" " ind2=" ">
    <subfield code="a">IEN</subfield>
    <subfield code="b">eng</subfield>
    <subfield code="c">IEN</subfield>
  </datafield>
  <datafield tag="110" ind1="2" ind2=" ">
    <subfield code="a">Pierce-Ledwell Productions</subfield>
  </datafield>
  <datafield tag="670" ind1=" " ind2=" ">
    <subfield code="a">The legend of Boggy Creek, c2002:</subfield>
    <subfield code="b">title frames (Pierce-Ledwell Productions)</subfield>
  </datafield>
</record>